@article{wang2013energy, 
title={Energy and spectrum-aware MAC protocol for perpetual wireless nanosensor networks in the Terahertz Band}, author={Wang, Pu and Jornet, Josep Miquel and Malik, MG Abbas and Akkari, Nadine and Akyildiz, Ian F}, journal={Ad Hoc Networks}, volume={11}, number={8}, pages={2541--2555}, year={2013}, publisher={Elsevier} }

@article{kleine2011review,
  title={A review on terahertz communications research},
  author={Kleine-Ostmann, Thomas and Nagatsuma, Tadao},
  journal={Journal of Infrared, Millimeter, and Terahertz Waves},
  volume={32},
  number={2},
  pages={143--171},
  year={2011},
  publisher={Springer}
}

@article{mumtaz2017terahertz,
  title={Terahertz communication for vehicular networks},
  author={Mumtaz, Shahid and Jornet, Josep Miquel and Aulin, Jocelyn and Gerstacker, Wolfgang H and Dong, Xiaodai and Ai, Bo},
  journal={IEEE Transactions on Vehicular Technology},
  volume={66},
  number={7},
  pages={5617--5625},
  year={2017},
  publisher={IEEE}
}

@article{song2011present,
  title={Present and future of terahertz communications},
  author={Song, Ho-Jin and Nagatsuma, Tadao},
  journal={IEEE transactions on terahertz science and technology},
  volume={1},
  number={1},
  pages={256--263},
  year={2011},
  publisher={IEEE}
}